@article{romano,
	Author = {Fabiane Vieira ROMANO AND Nelson BACK AND Roberto de OLIVEIRA },
	Title = {A IMPORTÂNCIA DA MODELAGEM DO PROCESSO DE PROJETO PARA
O DESENVOLVIMENTO INTEGRADO DE EDIFICAÇÕES }, 
	Year = {2001},
	Adress = {São Paulo},
}
@manual{e01,
Author = {Rational Software Corporation},
Title = {Introdução à disciplina Análise e Design},
Year = {1987 - 2001 },
Url = {http://www.funpar.ufpr.br:8080/rup/process/workflow/ana_desi/in_and.htm},
}

@manual{e02,
Author = {Rational Software Corporation},
Title = {Análise e Design: Fluxo de Trabalho},
Year = {1987 - 2001 },
Url = {http://www.funpar.ufpr.br:8080/rup/process/workflow/ana_desi/wfd_and.htm},
}

@manual{e03,
Author = {Rational Software Corporation},
Title = {Decisões Importantes em Análise e Design},
Year = {1987 - 2001 },
Url = {http://www.wthreex.com/rup/process/modguide/md_idad.htm},
}

@manual{e04,
Author = {Rational Software Corporation},
Title = {Modelo de Dados},
Year = {1987 - 2001 },
Url = {http://www.wthreex.com/rup/process/modguide/md_datmd.htm},
}